@inproceedings{USENIX:FalTan25,
    author = {Falzon, Francesca and Tang, Tianxin},
    title = {Learning from functionality outputs: private join and compute in the real world},
    year = {2025},
    isbn = {978-1-939133-52-6},
    publisher = {USENIX Association},
    address = {USA},
    booktitle = {Proceedings of the 34th USENIX Conference on Security Symposium},
    articleno = {390},
    numpages = {20},
    location = {Seattle, WA, USA},
    series = {SEC '25}
}

  

